<record><leader>00000cas a22000007a 4500</leader><controlfield tag="001">9378141</controlfield><controlfield tag="008">830405d18481853ohuwr ne      0    0eng d</controlfield><datafield ind1=" " ind2=" " tag="010"><subfield code="a">sn 83035042 </subfield></datafield><datafield ind1=" " ind2=" " tag="040"><subfield code="a">NPY</subfield><subfield code="b">eng</subfield><subfield code="c">NPY</subfield><subfield code="d">NPX</subfield><subfield code="d">ONP</subfield><subfield code="d">OCL</subfield><subfield code="d">OCLCF</subfield><subfield code="d">OCLCO</subfield></datafield><datafield ind1=" " ind2=" " tag="042"><subfield code="a">msc</subfield></datafield><datafield ind1="0" ind2="4" tag="245"><subfield code="a">The Portage County Whig.</subfield></datafield><datafield ind1=" " ind2=" " tag="260"><subfield code="a">Ravenna, Ohio :</subfield><subfield code="b">J.S. Herrick,</subfield><subfield code="c">1848-1853.</subfield></datafield><datafield ind1=" " ind2=" " tag="300"><subfield code="a">v.</subfield></datafield><datafield ind1=" " ind2=" " tag="310"><subfield code="a">Weekly</subfield></datafield><datafield ind1="0" ind2=" " tag="362"><subfield code="a">Vol. 1, no. 1 (Aug. 30, 1848)-v. 5, no. 52 (Aug. 17, 1853).</subfield></datafield><datafield ind1=" " ind2=" " tag="500"><subfield code="a">Whig.</subfield></datafield><datafield ind1=" " ind2="0" tag="651"><subfield code="a">Ravenna (Ohio)</subfield><subfield code="v">Newspapers.</subfield></datafield><datafield ind1=" " ind2="0" tag="651"><subfield code="a">Portage County (Ohio)</subfield><subfield code="v">Newspapers.</subfield></datafield><datafield ind1=" " ind2="7" tag="655"><subfield code="a">Newspapers.</subfield><subfield code="2">fast</subfield><subfield code="0">(OCoLC)fst01423814</subfield></datafield><datafield ind1=" " ind2="7" tag="651"><subfield code="a">Ohio</subfield><subfield code="z">Portage County.</subfield><subfield code="2">fast</subfield><subfield code="0">(OCoLC)fst01206645</subfield></datafield><datafield ind1=" " ind2="7" tag="651"><subfield code="a">Ohio</subfield><subfield code="z">Ravenna.</subfield><subfield code="2">fast</subfield><subfield code="0">(OCoLC)fst01235760</subfield></datafield><datafield ind1=" " ind2=" " tag="752"><subfield code="a">United States</subfield><subfield code="b">Ohio</subfield><subfield code="c">Portage</subfield><subfield code="d">Ravenna.</subfield></datafield><datafield ind1="0" ind2="0" tag="785"><subfield code="t">Home companion and Whig</subfield><subfield code="w">(DLC)sn 83035043</subfield></datafield></record>